[gd_scene load_steps=12 format=3 uid="uid://dswaeon4t0twt"]

[ext_resource type="StyleBox" uid="uid://dsvarg745dujf" path="res://ui/cellmenu/item_bg.tres" id="1_1hfoy"]
[ext_resource type="Script" path="res://ui/cellmenu/item_resources.gd" id="2_hj6ki"]
[ext_resource type="Texture2D" uid="uid://dasnoftss6ofk" path="res://ui/icons/res_stone.png" id="3_rf48l"]
[ext_resource type="Texture2D" uid="uid://c58lvqbxaseaf" path="res://ui/icons/res_ore.png" id="4_gn4kl"]
[ext_resource type="Texture2D" uid="uid://c0msbd50w2fil" path="res://ui/icons/res_plant.png" id="5_rksps"]
[ext_resource type="Texture2D" uid="uid://b0htbiyxtqxhg" path="res://ui/icons/res_animal.png" id="6_xkfw8"]
[ext_resource type="Texture2D" uid="uid://dqju8kemhl04u" path="res://ui/icons/res_metal.png" id="7_sdrwl"]
[ext_resource type="Texture2D" uid="uid://bvqket7t4tjlh" path="res://ui/icons/res_commodity.png" id="8_0eu04"]
[ext_resource type="Texture2D" uid="uid://blb0cd4idy1ab" path="res://ui/icons/res_weapon.png" id="9_egp62"]
[ext_resource type="Texture2D" uid="uid://xy4um74hyih8" path="res://ui/icons/res_knowledge.png" id="10_r3qsk"]

[sub_resource type="LabelSettings" id="LabelSettings_43577"]
font_size = 14

[node name="ItemResources" type="Panel"]
custom_minimum_size = Vector2(0, 64)
anchors_preset = 15
anchor_right = 1.0
anchor_bottom = 1.0
offset_right = -768.0
offset_bottom = -584.0
grow_horizontal = 2
grow_vertical = 2
theme_override_styles/panel = ExtResource("1_1hfoy")
script = ExtResource("2_hj6ki")
signed = null
inversed = null

[node name="StoneIcon" type="TextureRect" parent="."]
self_modulate = Color(0.564706, 0.933333, 0.564706, 1)
layout_mode = 1
anchors_preset = -1
anchor_left = 0.043
anchor_top = 0.062875
anchor_right = 0.104
anchor_bottom = 0.437
offset_left = -0.512001
offset_top = -0.0240021
offset_right = 0.0639992
offset_bottom = 0.0319977
texture = ExtResource("3_rf48l")
expand_mode = 1
stretch_mode = 5
metadata/_edit_use_anchors_ = true

[node name="Stone" type="Label" parent="."]
self_modulate = Color(0.564706, 0.933333, 0.564706, 1)
layout_mode = 1
anchors_preset = -1
anchor_left = 0.125
anchor_top = 0.06225
anchor_right = 0.271021
anchor_bottom = 0.437
offset_top = 0.0159998
offset_right = -0.0720062
offset_bottom = 0.0319977
grow_horizontal = 2
text = "1.3"
label_settings = SubResource("LabelSettings_43577")
vertical_alignment = 1
metadata/_edit_use_anchors_ = true

[node name="OreIcon" type="TextureRect" parent="."]
self_modulate = Color(0.564706, 0.933333, 0.564706, 1)
layout_mode = 1
anchors_preset = -1
anchor_left = 0.271
anchor_top = 0.062375
anchor_right = 0.333
anchor_bottom = 0.437
offset_left = -0.0640106
offset_top = 0.00799942
offset_right = 0.127998
offset_bottom = 0.0319977
texture = ExtResource("4_gn4kl")
expand_mode = 1
stretch_mode = 5
metadata/_edit_use_anchors_ = true

[node name="Ore" type="Label" parent="."]
self_modulate = Color(0.564706, 0.933333, 0.564706, 1)
layout_mode = 1
anchors_preset = -1
anchor_left = 0.354
anchor_top = 0.062375
anchor_right = 0.5
anchor_bottom = 0.437
offset_left = 0.0639954
offset_top = 0.00799942
offset_bottom = 0.0319977
grow_horizontal = 2
text = "0.9"
label_settings = SubResource("LabelSettings_43577")
vertical_alignment = 1
metadata/_edit_use_anchors_ = true

[node name="PlantIcon" type="TextureRect" parent="."]
self_modulate = Color(0.564706, 0.933333, 0.564706, 1)
layout_mode = 1
anchors_preset = -1
anchor_left = 0.521
anchor_top = 0.062375
anchor_right = 0.583
anchor_bottom = 0.437
offset_left = -0.0640106
offset_top = 0.00799942
offset_right = 0.127991
offset_bottom = 0.0319977
texture = ExtResource("5_rksps")
expand_mode = 1
stretch_mode = 5
metadata/_edit_use_anchors_ = true

[node name="Plant" type="Label" parent="."]
self_modulate = Color(0.564706, 0.933333, 0.564706, 1)
layout_mode = 1
anchors_preset = -1
anchor_left = 0.604
anchor_top = 0.062375
anchor_right = 0.729
anchor_bottom = 0.437
offset_left = 0.0639954
offset_top = 0.00799942
offset_right = 0.0639954
offset_bottom = 0.0319977
grow_horizontal = 2
text = "2.8"
label_settings = SubResource("LabelSettings_43577")
vertical_alignment = 1
metadata/_edit_use_anchors_ = true

[node name="AnimalIcon" type="TextureRect" parent="."]
self_modulate = Color(0.564706, 0.933333, 0.564706, 1)
layout_mode = 1
anchors_preset = -1
anchor_left = 0.75
anchor_top = 0.062375
anchor_right = 0.812
anchor_bottom = 0.437
offset_left = -3.05176e-05
offset_top = 0.00799942
offset_right = 0.191986
offset_bottom = 0.0319977
texture = ExtResource("6_xkfw8")
expand_mode = 1
stretch_mode = 5
metadata/_edit_use_anchors_ = true

[node name="Animal" type="Label" parent="."]
self_modulate = Color(0.564706, 0.933333, 0.564706, 1)
layout_mode = 1
anchors_preset = -1
anchor_left = 0.833
anchor_top = 0.062375
anchor_right = 0.979
anchor_bottom = 0.437
offset_left = 0.127991
offset_top = 0.00799942
offset_right = 0.0639954
offset_bottom = 0.0319977
grow_horizontal = 2
text = "4.2"
label_settings = SubResource("LabelSettings_43577")
vertical_alignment = 1
metadata/_edit_use_anchors_ = true

[node name="MetalIcon" type="TextureRect" parent="."]
self_modulate = Color(0.564706, 0.933333, 0.564706, 1)
layout_mode = 1
anchors_preset = -1
anchor_left = 0.042
anchor_top = 0.563
anchor_right = 0.104
anchor_bottom = 0.937625
offset_left = -0.128002
offset_top = -0.0320053
offset_right = 0.0639992
offset_bottom = -0.00800323
texture = ExtResource("7_sdrwl")
expand_mode = 1
stretch_mode = 5
metadata/_edit_use_anchors_ = true

[node name="Metal" type="Label" parent="."]
self_modulate = Color(0.564706, 0.933333, 0.564706, 1)
layout_mode = 1
anchors_preset = -1
anchor_left = 0.125
anchor_top = 0.563
anchor_right = 0.271
anchor_bottom = 0.937625
offset_top = -0.0320053
offset_right = -0.0640106
offset_bottom = -0.00800323
grow_horizontal = 2
text = "2.1"
label_settings = SubResource("LabelSettings_43577")
vertical_alignment = 1
metadata/_edit_use_anchors_ = true

[node name="CommIcon" type="TextureRect" parent="."]
self_modulate = Color(0.564706, 0.933333, 0.564706, 1)
layout_mode = 1
anchors_preset = -1
anchor_left = 0.271
anchor_top = 0.563
anchor_right = 0.333
anchor_bottom = 0.937625
offset_left = -0.0640106
offset_top = -0.0320053
offset_right = 0.127998
offset_bottom = -0.00800323
texture = ExtResource("8_0eu04")
expand_mode = 1
stretch_mode = 5
metadata/_edit_use_anchors_ = true

[node name="Comm" type="Label" parent="."]
self_modulate = Color(0.564706, 0.933333, 0.564706, 1)
layout_mode = 1
anchors_preset = -1
anchor_left = 0.354
anchor_top = 0.563
anchor_right = 0.5
anchor_bottom = 0.937625
offset_left = 0.0639954
offset_top = -0.0320053
offset_bottom = -0.00800323
grow_horizontal = 2
text = "2.3"
label_settings = SubResource("LabelSettings_43577")
vertical_alignment = 1
metadata/_edit_use_anchors_ = true

[node name="WeaponIcon" type="TextureRect" parent="."]
self_modulate = Color(0.564706, 0.933333, 0.564706, 1)
layout_mode = 1
anchors_preset = -1
anchor_left = 0.521
anchor_top = 0.563
anchor_right = 0.583
anchor_bottom = 0.937625
offset_left = -0.0640106
offset_top = -0.0320053
offset_right = 0.127991
offset_bottom = -0.00800323
texture = ExtResource("9_egp62")
expand_mode = 1
stretch_mode = 5
metadata/_edit_use_anchors_ = true

[node name="Weapon" type="Label" parent="."]
self_modulate = Color(0.564706, 0.933333, 0.564706, 1)
layout_mode = 1
anchors_preset = -1
anchor_left = 0.604
anchor_top = 0.563
anchor_right = 0.75
anchor_bottom = 0.937625
offset_left = 0.0639954
offset_top = -0.0320053
offset_right = -3.05176e-05
offset_bottom = -0.00800323
grow_horizontal = 2
text = "1.3"
label_settings = SubResource("LabelSettings_43577")
vertical_alignment = 1
metadata/_edit_use_anchors_ = true

[node name="KnowledgeIcon" type="TextureRect" parent="."]
self_modulate = Color(0.564706, 0.933333, 0.564706, 1)
layout_mode = 1
anchors_preset = -1
anchor_left = 0.75
anchor_top = 0.563
anchor_right = 0.812
anchor_bottom = 0.937625
offset_left = -3.05176e-05
offset_top = -0.0320053
offset_right = 0.191986
offset_bottom = -0.00800323
texture = ExtResource("10_r3qsk")
expand_mode = 1
stretch_mode = 5
metadata/_edit_use_anchors_ = true

[node name="Knowledge" type="Label" parent="."]
self_modulate = Color(0.564706, 0.933333, 0.564706, 1)
layout_mode = 1
anchors_preset = -1
anchor_left = 0.833
anchor_top = 0.563
anchor_right = 0.979
anchor_bottom = 0.937625
offset_left = 0.127991
offset_top = -0.0320053
offset_right = 0.0639954
offset_bottom = -0.00800323
grow_horizontal = 2
text = "3.7"
label_settings = SubResource("LabelSettings_43577")
vertical_alignment = 1
metadata/_edit_use_anchors_ = true
